@book{isidori_nonlinear,
  title={Nonlinear control systems},
  author={Isidori, Alberto},
  year={2013},
  publisher={Springer Science \& Business Media}
}

@article{femat1999,
  title={Robust asymptotic linearization via uncertainty estimation: regulation of temperature in a fluidized bed reactor},
  author={Femat, Ricardo and Alvarez-Ramirez, Jose and Rosales-Torres, Miguel},
  journal={Computers \& chemical engineering},
  volume={23},
  number={6},
  pages={697--708},
  year={1999},
  publisher={Elsevier}
}